%% This BibTeX bibliography file was created using BibDesk.
%% https://bibdesk.sourceforge.io/

%% Created for 黃柏諺 at 2025-06-13 17:27:41 +0800 


%% Saved with string encoding Unicode (UTF-8) 



@misc{DGBAS_CPI,
	author = {DGBAS},
	date-added = {2025-06-13 16:40:56 +0800},
	date-modified = {2025-06-13 17:27:31 +0800},
	title = {Consumer Price Indices with Categories. retrived Jun 8, 2025 from,},
	url = {https://nstatdb.dgbas.gov.tw/dgbasall/webMain.aspx?sys=210&funid=A030101015},
	urldate = {Jun 8, 2025},
	year = {2025},
	bdsk-url-1 = {https://nstatdb.dgbas.gov.tw/dgbasall/webMain.aspx?sys=210&funid=A030101015}}

@misc{DGBAS_SFIE,
	author = {DGBAS},
	date-added = {2025-06-13 16:40:56 +0800},
	date-modified = {2025-06-13 17:27:37 +0800},
	title = {The Survey of Family Income and Expenditure, 1981 - 2023 [data file]. Available from Survey Research Data Archive, Academia Sinica.},
	url = {https://srda.sinica.edu.tw/plan/?idx=SRDA.GS016},
	urldate = {May 14, 2025},
	year = {2025},
	bdsk-url-1 = {https://srda.sinica.edu.tw/plan/?idx=SRDA.GS016}}

@article{TW_consumption_inequality,
	author = {Hong, Ming-Hwang},
	date-added = {2025-06-13 15:57:58 +0800},
	date-modified = {2025-06-13 16:33:50 +0800},
	journal = {Review of Social Sciences},
	keywords = {Consumption inequality; Gini decomposition; Gini coefficient; Economics welfare; Taiwan},
	number = {1},
	pages = {73-103},
	publisher = {政治大學社會科學學院},
	title = {Changes in the consumption inequality in Taiwan},
	volume = {6},
	year = {2012},
	bdsk-file-1 = {YnBsaXN0MDDSAQIDBFxyZWxhdGl2ZVBhdGhYYm9va21hcmtvEBUAcABhAHAAZQByAHMAL4H6cGNtiIy7Tg1XR16mdoSLilMWAC4AcABkAGZPEQQ4Ym9vazgEAAAAAAQQMAAAAAAAAAAAAAAAAAAAAAAAAAAAAAAAAAAAAAAAAAAAAAAANAMAAAUAAAABAQAAVXNlcnMAAAAKAAAAAQEAAGJyaWFuaHVhbmcAAAQAAAABAQAAQ29kZRYAAAABAQAAQ29uc3VtcHRpb25fSW5lcXVhbGl0eQAABgAAAAEBAABwYXBlcnMAACIAAAABAQAA6Ie654Gj5raI6LK75LiN5Z2H5bqm55qE6K6K5YyWLnBkZgAAGAAAAAEGAAAEAAAAFAAAACgAAAA0AAAAVAAAAGQAAAAIAAAABAMAABVdAAAAAAAACAAAAAQDAABc6AMAAAAAAAgAAAAEAwAAY+YnAAAAAAAIAAAABAMAAL+13QMAAAAACAAAAAQDAAB2uN0DAAAAAAgAAAAEAwAAzkjfAwAAAAAYAAAAAQYAALAAAADAAAAA0AAAAOAAAADwAAAAAAEAAAgAAAAABAAAQcb93va2T3UYAAAAAQIAAAEAAAAAAAAADwAAAAAAAAAAAAAAAAAAAAgAAAAEAwAABAAAAAAAAAAEAAAAAwMAAPUBAAAIAAAAAQkAAGZpbGU6Ly8vDAAAAAEBAABNYWNpbnRvc2ggSEQIAAAABAMAAABQoRtzAAAACAAAAAAEAABBxuOahQAAACQAAAABAQAAQkQ0MTU0NzEtMkUyMS00QUFDLTk5REMtNjI4RjYwMDgxRTU3GAAAAAECAACBAAAAAQAAAO8TAAABAAAAAAAAAAAAAAABAAAAAQEAAC8AAAAAAAAAAQUAAAkBAAABAgAAOWY1NjY2MzI0NzYyMmViNzVmZjY0YmQ1MGRiYjAxZTc4MGM3NTk2ZTcwODdiMjNkMDdiMmY4YmY0ZjliMGQ2MTswMDswMDAwMDAwMDswMDAwMDAwMDswMDAwMDAwMDswMDAwMDAwMDAwMDAwMDIwO2NvbS5hcHBsZS5hcHAtc2FuZGJveC5yZWFkLXdyaXRlOzAxOzAxMDAwMDBlOzAwMDAwMDAwMDNkZjQ4Y2U7MDE7L3VzZXJzL2JyaWFuaHVhbmcvY29kZS9jb25zdW1wdGlvbl9pbmVxdWFsaXR5L3BhcGVycy/oh7rngaPmtojosrvkuI3lnYfluqbnmoTororljJYucGRmAAAAAMwAAAD+////AQAAAAAAAAAQAAAABBAAAJAAAAAAAAAABRAAABABAAAAAAAAEBAAAEABAAAAAAAAQBAAADABAAAAAAAAAiAAAAwCAAAAAAAABSAAAHwBAAAAAAAAECAAAIwBAAAAAAAAESAAAMABAAAAAAAAEiAAAKABAAAAAAAAEyAAALABAAAAAAAAICAAAOwBAAAAAAAAMCAAABgCAAAAAAAAAcAAAGABAAAAAAAAEcAAABQAAAAAAAAAEsAAAHABAAAAAAAAgPAAACACAAAAAAAAAAgADQAaACMAUAAAAAAAAAIBAAAAAAAAAAUAAAAAAAAAAAAAAAAAAASM}}

@article{TW_party_inc_ineq,
	abstract = {本文認為中央政府的角色、行為與政策，決定了分配結果。本文試圖從民進黨在立法院席次比例與民進黨總統職位控制為形式的政治權力資源，檢視對市場收入分配不平等程度與政府重分配幅度的影響。資料來源為行政院主計總處家庭收支調查，資料涵蓋的時間從1978年至2020年台灣家庭重分配前與重分配後收入不平等的情況。運用誤差修正模型（error correction models）處理政黨動態因素對重分配與經濟不平等的效果。研究發現民進黨在立法院中的實力不僅對重分配具有直接效果，對於經濟不平等的降低也有直接影響。然而，以民進黨控制總統職位為形式的政治權力資源會降低政府重分配比例，但長期而言它卻會加深經濟不平等的程度，主要是總統施政受到國家對資本的結構依賴邏輯以及選舉制度的運作方式所侷限。The goal of this research is to test an empirical model of distributional outcomes that explores the impact of aggregate level of political dynamics. This paper addresses on the central questions: Do national election outcomes influence distributional outcomes? The arguments suggest that when the political landscape changes - a different party takes over the presidency, the ideological direction of public policy shifts, or the mood of the public changes - income inequality responds in consistent and predictable ways. Shifts to the left produce more egalitarian outcomes and shifts to the right exacerbate existing inequality. Economic conditions matter for distributional outcomes, but political dynamics matter as much. The influence of politics, de facto, manifests itself in some surprising ways. This paper demonstrates that government to influence distributional outcomes via explicit redistribution, but government also shapes income inequality by conditioning market outcomes. In fact, this mechanism of distributional impact is as strong as redistribution.},
	author = {Yi-Bin Chang},
	date-added = {2025-06-13 15:41:54 +0800},
	date-modified = {2025-06-13 16:13:21 +0800},
	doi = {10.6683/TPSR.202306_27(1).0002},
	issn = {1027-0221},
	journal = {The Taiwanese Political Science Review},
	keywords = {Income inequality; The macro politics model; Power resources theory; Party dynamics; Distributional outcome; Error correction model; Taiwan},
	language = {繁體中文;英文},
	number = {1},
	pages = {59-118},
	publisher = {台灣政治學會},
	title = {Party Dynamics and Economic Inequality in Taiwan, 1978-2020},
	volume = {27},
	year = {2023},
	bdsk-file-1 = {YnBsaXN0MDDSAQIDBFxyZWxhdGl2ZVBhdGhYYm9va21hcmtvECkAcABhAHAAZQByAHMAL2U/nuhS1WFLggd9k2/fTg1ec3tJ/xpO5QAxADkANwA4/w0AMgAwADIAMFPwcGNlNlFlTg1ec3tJcLpPiwAuAHAAZABmTxEEkGJvb2uQBAAAAAAEEDAAAAAAAAAAAAAAAAAAAAAAAAAAAAAAAAAAAAAAAAAAAAAAAIwDAAAFAAAAAQEAAFVzZXJzAAAACgAAAAEBAABicmlhbmh1YW5nAAAEAAAAAQEAAENvZGUWAAAAAQEAAENvbnN1bXB0aW9uX0luZXF1YWxpdHkAAAYAAAABAQAAcGFwZXJzAABOAAAAAQEAAOaUv+m7qOWLleaFi+iIh+e2k+a/n+S4jeW5s+etie+8muS7pTE5NzjvvI0yMDIw5Y+w54Gj5pS25YWl5LiN5bmz562J54K65L6LLnBkZgAAGAAAAAEGAAAEAAAAFAAAACgAAAA0AAAAVAAAAGQAAAAIAAAABAMAABVdAAAAAAAACAAAAAQDAABc6AMAAAAAAAgAAAAEAwAAY+YnAAAAAAAIAAAABAMAAL+13QMAAAAACAAAAAQDAAB2uN0DAAAAAAgAAAAEAwAAP0HgAwAAAAAYAAAAAQYAANwAAADsAAAA/AAAAAwBAAAcAQAALAEAAAgAAAAABAAAQcb+B6NeVU0YAAAAAQIAAAEAAAAAAAAADwAAAAAAAAAAAAAAAAAAAAgAAAAEAwAABAAAAAAAAAAEAAAAAwMAAPUBAAAIAAAAAQkAAGZpbGU6Ly8vDAAAAAEBAABNYWNpbnRvc2ggSEQIAAAABAMAAABQoRtzAAAACAAAAAAEAABBxuOahQAAACQAAAABAQAAQkQ0MTU0NzEtMkUyMS00QUFDLTk5REMtNjI4RjYwMDgxRTU3GAAAAAECAACBAAAAAQAAAO8TAAABAAAAAAAAAAAAAAABAAAAAQEAAC8AAAAAAAAAAQUAADUBAAABAgAAZjA2M2U4ODcyM2EzZjA0Njk4MDQ2MDhmNzA5NjhhMjY2M2NkNjNkZDhjYTMyYmRiNDlhYmM5ZjkxMGZlYTg4MjswMDswMDAwMDAwMDswMDAwMDAwMDswMDAwMDAwMDswMDAwMDAwMDAwMDAwMDIwO2NvbS5hcHBsZS5hcHAtc2FuZGJveC5yZWFkLXdyaXRlOzAxOzAxMDAwMDBlOzAwMDAwMDAwMDNlMDQxM2Y7MDE7L3VzZXJzL2JyaWFuaHVhbmcvY29kZS9jb25zdW1wdGlvbl9pbmVxdWFsaXR5L3BhcGVycy/mlL/pu6jli5XmhYvoiIfntpPmv5/kuI3lubPnrYnvvJrku6UxOTc477yNMjAyMOWPsOeBo+aUtuWFpeS4jeW5s+etieeCuuS+iy5wZGYAAAAAzAAAAP7///8BAAAAAAAAABAAAAAEEAAAvAAAAAAAAAAFEAAAPAEAAAAAAAAQEAAAbAEAAAAAAABAEAAAXAEAAAAAAAACIAAAOAIAAAAAAAAFIAAAqAEAAAAAAAAQIAAAuAEAAAAAAAARIAAA7AEAAAAAAAASIAAAzAEAAAAAAAATIAAA3AEAAAAAAAAgIAAAGAIAAAAAAAAwIAAARAIAAAAAAAABwAAAjAEAAAAAAAARwAAAFAAAAAAAAAASwAAAnAEAAAAAAACA8AAATAIAAAAAAAAACAANABoAIwB4AAAAAAAAAgEAAAAAAAAABQAAAAAAAAAAAAAAAAAABQw=},
	bdsk-url-1 = {https://doi.org/10.6683/TPSR.202306_27(1).0002}}

@article{TW_classes_inc,
	abstract = {臺灣社會輿論關注貧富差距，特別是不同世代之間的所得差異與「世代正義」議題。然而，所得世代差異同時混雜了整體經濟循環及勞動者生命階段、以及其教育程度與社會階級等因素的影響，其中有時間因素的多重效果即人口學關注的「年齡（age）、時期（period）與世代（cohort）」（簡稱APC）效果。由於長期追蹤資料較多屬單一或少數世代的限制，在研究方法上，本研究希望以多次調查的橫斷面資料整併之後，運用APC的概念拆解所得的世代差異。本研究整合了多期橫斷面的家庭收支調查家內之個人所得，時間為1990－2020，並以APC內部估計模型同時呈現年齡、時期與世代的拆解效果，主要發現臺灣社會個人所得差異的變化趨勢如下：（1）個人所得的教育與階級差異擴大：雖然大學畢業生的平均收入下降、研究所以上的收入仍有提升；資本家與自營作業者、技術工人與非技術工人之間的差異隨著時間擴大，以及（2）戰後嬰兒潮與千禧世代之間收入差異持續顯著未見縮減。在結論與討論有改善調查方法的實務建議。Income inequality, especially the generational gap of income and ＂generational justice＂ has become a hot topic for the public in Taiwan. However, the determinants of income variety among cohorts are a mixture of economic cycle, life course, education, social class, etc. The mixture also includes multiple factors about time, that is, the age-period-cohort (APC) effects in demographic studies. Many longitudinal surveys are unable to investigate the generational gap because the interviewees are limited in the same birth cohort. By applying the APC model to long-term datasets pooled from different waves of surveys, we estimate the trends of income from different cohorts, age groups and periods in Taiwan. Second, we pooled the Survey of Family Income and Expenditure to estimate the generational difference of personal income between 1990 and 2020 in Taiwan. The empirical evidence demonstrated the same patterns of personal income differences: (1) in contrast with increasing return of graduate school, the income return of university is shrinking; meanwhile, the income differences among employers, the self-employed, skilled workers (new middle classes), and unskilled workers has been amplified in the past three decades. (2) the income gap between the baby boomers and millennials has continued and implies a persistent generational inequality. Finally, each survey has its own advantages and limitations due to the questionnaires and research designs.},
	author = {Yi-Chun Chang and Thung-Hong Lin and Chun-Yin Lee},
	date-added = {2025-06-13 15:38:31 +0800},
	date-modified = {2025-06-13 16:13:25 +0800},
	issn = {1729-8849},
	journal = {Taiwan Economic Forecast and Policy},
	keywords = {Generation; Cohort; Class; APC model; Income inequality; Taiwan},
	language = {繁體中文},
	number = {1},
	pages = {41-78},
	publisher = {中央研究院經濟研究所},
	title = {REVISITING INCOME DIFFERENCES BETWEEN COHORTS AND SOCIAL CLASSES IN TAIWAN: 1990-2020},
	volume = {53},
	year = {2022},
	bdsk-file-1 = {YnBsaXN0MDDSAQIDBFxyZWxhdGl2ZVBhdGhYYm9va21hcmtvECMAcABhAHAAZQByAHMAL1GNY6KB+nBjlo59GoIHThZO43aEZTZRZV3udXD/DAAxADkAOQAw/w0AMgAwADIAMAAuAHAAZABmTxEEaGJvb2toBAAAAAAEEDAAAAAAAAAAAAAAAAAAAAAAAAAAAAAAAAAAAAAAAAAAAAAAAGQDAAAFAAAAAQEAAFVzZXJzAAAACgAAAAEBAABicmlhbmh1YW5nAAAEAAAAAQEAAENvZGUWAAAAAQEAAENvbnN1bXB0aW9uX0luZXF1YWxpdHkAAAYAAAABAQAAcGFwZXJzAAA8AAAAAQEAAOWGjeaOouiHuueBo+majue0muiIh+S4luS7o+eahOaUtuWFpeW3rueVsO+8jDE5OTDvvI0yMDIwLnBkZhgAAAABBgAABAAAABQAAAAoAAAANAAAAFQAAABkAAAACAAAAAQDAAAVXQAAAAAAAAgAAAAEAwAAXOgDAAAAAAAIAAAABAMAAGPmJwAAAAAACAAAAAQDAAC/td0DAAAAAAgAAAAEAwAAdrjdAwAAAAAIAAAABAMAANVI3wMAAAAAGAAAAAEGAADIAAAA2AAAAOgAAAD4AAAACAEAABgBAAAIAAAAAAQAAEHG/d72w6YrGAAAAAECAAABAAAAAAAAAA8AAAAAAAAAAAAAAAAAAAAIAAAABAMAAAQAAAAAAAAABAAAAAMDAAD1AQAACAAAAAEJAABmaWxlOi8vLwwAAAABAQAATWFjaW50b3NoIEhECAAAAAQDAAAAUKEbcwAAAAgAAAAABAAAQcbjmoUAAAAkAAAAAQEAAEJENDE1NDcxLTJFMjEtNEFBQy05OURDLTYyOEY2MDA4MUU1NxgAAAABAgAAgQAAAAEAAADvEwAAAQAAAAAAAAAAAAAAAQAAAAEBAAAvAAAAAAAAAAEFAAAjAQAAAQIAADFhZmZkMDk3YWQxYTM5NDQ0MTFjMmUxOWE4NDZjZGU2ZjQwMmI0NGFhMjQwM2E4YzhhOGM4M2Q1NWQzY2QxMTk7MDA7MDAwMDAwMDA7MDAwMDAwMDA7MDAwMDAwMDA7MDAwMDAwMDAwMDAwMDAyMDtjb20uYXBwbGUuYXBwLXNhbmRib3gucmVhZC13cml0ZTswMTswMTAwMDAwZTswMDAwMDAwMDAzZGY0OGQ1OzAxOy91c2Vycy9icmlhbmh1YW5nL2NvZGUvY29uc3VtcHRpb25faW5lcXVhbGl0eS9wYXBlcnMv5YaN5o6i6Ie654Gj6ZqO57Sa6IiH5LiW5Luj55qE5pS25YWl5beu55Ww77yMMTk5MO+8jTIwMjAucGRmAADMAAAA/v///wEAAAAAAAAAEAAAAAQQAACoAAAAAAAAAAUQAAAoAQAAAAAAABAQAABYAQAAAAAAAEAQAABIAQAAAAAAAAIgAAAkAgAAAAAAAAUgAACUAQAAAAAAABAgAACkAQAAAAAAABEgAADYAQAAAAAAABIgAAC4AQAAAAAAABMgAADIAQAAAAAAACAgAAAEAgAAAAAAADAgAAAwAgAAAAAAAAHAAAB4AQAAAAAAABHAAAAUAAAAAAAAABLAAACIAQAAAAAAAIDwAAA4AgAAAAAAAAAIAA0AGgAjAGwAAAAAAAACAQAAAAAAAAAFAAAAAAAAAAAAAAAAAAAE2A==}}

@article{HEATHCOTE_2010,
	abstract = {We conduct a systematic empirical study of cross-sectional inequality in the United States, integrating data from the Current Population Survey, the Panel Study of Income Dynamics, the Consumer Expenditure Survey, and the Survey of Consumer Finances. In order to understand how different dimensions of inequality are related via choices, markets, and institutions, we follow the mapping suggested by the household budget constraint from individual wages to individual earnings, to household earnings, to disposable income, and, ultimately, to consumption and wealth. We document a continuous and sizable increase in wage inequality over the sample period. Changes in the distribution of hours worked sharpen the rise in earnings inequality before 1982, but mitigate its increase thereafter. Taxes and transfers compress the level of income inequality, especially at the bottom of the distribution, but have little effect on the overall trend. Finally, access to financial markets has limited both the level and growth of consumption inequality.},
	author = {Jonathan Heathcote and Fabrizio Perri and Giovanni L. Violante},
	date-added = {2025-06-13 15:30:31 +0800},
	date-modified = {2025-06-13 16:34:33 +0800},
	doi = {https://doi.org/10.1016/j.red.2009.10.010},
	issn = {1094-2025},
	journal = {Review of Economic Dynamics},
	keywords = {Consumption inequality, Income inequality, Wealth inequality, Inequality over the life cycle, Wage dynamics},
	number = {1},
	pages = {15-51},
	title = {Unequal we stand: An empirical analysis of economic inequality in the United States, 1967--2006},
	volume = {13},
	year = {2010},
	bdsk-file-1 = {YnBsaXN0MDDSAQIDBFxyZWxhdGl2ZVBhdGhYYm9va21hcmtfEBtwYXBlcnMvVW5lcXVhbCB3ZSBzdGFuZC5wZGZPEQQYYm9vaxgEAAAAAAQQMAAAAAAAAAAAAAAAAAAAAAAAAAAAAAAAAAAAAAAAAAAAAAAAFAMAAAUAAAABAQAAVXNlcnMAAAAKAAAAAQEAAGJyaWFuaHVhbmcAAAQAAAABAQAAQ29kZRYAAAABAQAAQ29uc3VtcHRpb25fSW5lcXVhbGl0eQAABgAAAAEBAABwYXBlcnMAABQAAAABAQAAVW5lcXVhbCB3ZSBzdGFuZC5wZGYYAAAAAQYAAAQAAAAUAAAAKAAAADQAAABUAAAAZAAAAAgAAAAEAwAAFV0AAAAAAAAIAAAABAMAAFzoAwAAAAAACAAAAAQDAABj5icAAAAAAAgAAAAEAwAAv7XdAwAAAAAIAAAABAMAAHa43QMAAAAACAAAAAQDAAB6uN0DAAAAABgAAAABBgAAoAAAALAAAADAAAAA0AAAAOAAAADwAAAACAAAAAAEAABBxv13LkoT6hgAAAABAgAAAQAAAAAAAAAPAAAAAAAAAAAAAAAAAAAACAAAAAQDAAAEAAAAAAAAAAQAAAADAwAA9QEAAAgAAAABCQAAZmlsZTovLy8MAAAAAQEAAE1hY2ludG9zaCBIRAgAAAAEAwAAAFChG3MAAAAIAAAAAAQAAEHG45qFAAAAJAAAAAEBAABCRDQxNTQ3MS0yRTIxLTRBQUMtOTlEQy02MjhGNjAwODFFNTcYAAAAAQIAAIEAAAABAAAA7xMAAAEAAAAAAAAAAAAAAAEAAAABAQAALwAAAAAAAAABBQAA+wAAAAECAABhNTUwNTFlZDU3MWE0MTNjMzIzZjlhMDE4NjJjYmQzNGE1YjVkYjM0MTg5Yjc4ZmIwNDIyZWZiMjAwOWNiMDk5OzAwOzAwMDAwMDAwOzAwMDAwMDAwOzAwMDAwMDAwOzAwMDAwMDAwMDAwMDAwMjA7Y29tLmFwcGxlLmFwcC1zYW5kYm94LnJlYWQtd3JpdGU7MDE7MDEwMDAwMGU7MDAwMDAwMDAwM2RkYjg3YTswMTsvdXNlcnMvYnJpYW5odWFuZy9jb2RlL2NvbnN1bXB0aW9uX2luZXF1YWxpdHkvcGFwZXJzL3VuZXF1YWwgd2Ugc3RhbmQucGRmAADMAAAA/v///wEAAAAAAAAAEAAAAAQQAACAAAAAAAAAAAUQAAAAAQAAAAAAABAQAAAwAQAAAAAAAEAQAAAgAQAAAAAAAAIgAAD8AQAAAAAAAAUgAABsAQAAAAAAABAgAAB8AQAAAAAAABEgAACwAQAAAAAAABIgAACQAQAAAAAAABMgAACgAQAAAAAAACAgAADcAQAAAAAAADAgAAAIAgAAAAAAAAHAAABQAQAAAAAAABHAAAAUAAAAAAAAABLAAABgAQAAAAAAAIDwAAAQAgAAAAAAAAAIAA0AGgAjAEEAAAAAAAACAQAAAAAAAAAFAAAAAAAAAAAAAAAAAAAEXQ==},
	bdsk-file-2 = {YnBsaXN0MDDSAQIDBFxyZWxhdGl2ZVBhdGhYYm9va21hcmtfECVwYXBlcnMvVW5lcXVhbCB3ZSBzdGFuZCBBcHBsZW5kaXgucGRmTxEEMGJvb2swBAAAAAAEEDAAAAAAAAAAAAAAAAAAAAAAAAAAAAAAAAAAAAAAAAAAAAAAACwDAAAFAAAAAQEAAFVzZXJzAAAACgAAAAEBAABicmlhbmh1YW5nAAAEAAAAAQEAAENvZGUWAAAAAQEAAENvbnN1bXB0aW9uX0luZXF1YWxpdHkAAAYAAAABAQAAcGFwZXJzAAAeAAAAAQEAAFVuZXF1YWwgd2Ugc3RhbmQgQXBwbGVuZGl4LnBkZgAAGAAAAAEGAAAEAAAAFAAAACgAAAA0AAAAVAAAAGQAAAAIAAAABAMAABVdAAAAAAAACAAAAAQDAABc6AMAAAAAAAgAAAAEAwAAY+YnAAAAAAAIAAAABAMAAL+13QMAAAAACAAAAAQDAAB2uN0DAAAAAAgAAAAEAwAAebjdAwAAAAAYAAAAAQYAAKwAAAC8AAAAzAAAANwAAADsAAAA/AAAAAgAAAAABAAAQcb9dy5Gc9kYAAAAAQIAAAEAAAAAAAAADwAAAAAAAAAAAAAAAAAAAAgAAAAEAwAABAAAAAAAAAAEAAAAAwMAAPUBAAAIAAAAAQkAAGZpbGU6Ly8vDAAAAAEBAABNYWNpbnRvc2ggSEQIAAAABAMAAABQoRtzAAAACAAAAAAEAABBxuOahQAAACQAAAABAQAAQkQ0MTU0NzEtMkUyMS00QUFDLTk5REMtNjI4RjYwMDgxRTU3GAAAAAECAACBAAAAAQAAAO8TAAABAAAAAAAAAAAAAAABAAAAAQEAAC8AAAAAAAAAAQUAAAUBAAABAgAAOGUxMjVkZDhjNzc3MmNhZTdmYjRkYWVhMzBjYmRiMWIxZmQ3OTk5OGQwYjI4YzU5NGM1YjM4YjM3YzExNDBhMjswMDswMDAwMDAwMDswMDAwMDAwMDswMDAwMDAwMDswMDAwMDAwMDAwMDAwMDIwO2NvbS5hcHBsZS5hcHAtc2FuZGJveC5yZWFkLXdyaXRlOzAxOzAxMDAwMDBlOzAwMDAwMDAwMDNkZGI4Nzk7MDE7L3VzZXJzL2JyaWFuaHVhbmcvY29kZS9jb25zdW1wdGlvbl9pbmVxdWFsaXR5L3BhcGVycy91bmVxdWFsIHdlIHN0YW5kIGFwcGxlbmRpeC5wZGYAAAAAzAAAAP7///8BAAAAAAAAABAAAAAEEAAAjAAAAAAAAAAFEAAADAEAAAAAAAAQEAAAPAEAAAAAAABAEAAALAEAAAAAAAACIAAACAIAAAAAAAAFIAAAeAEAAAAAAAAQIAAAiAEAAAAAAAARIAAAvAEAAAAAAAASIAAAnAEAAAAAAAATIAAArAEAAAAAAAAgIAAA6AEAAAAAAAAwIAAAFAIAAAAAAAABwAAAXAEAAAAAAAARwAAAFAAAAAAAAAASwAAAbAEAAAAAAACA8AAAHAIAAAAAAAAACAANABoAIwBLAAAAAAAAAgEAAAAAAAAABQAAAAAAAAAAAAAAAAAABH8=},
	bdsk-url-1 = {https://www.sciencedirect.com/science/article/pii/S1094202509000659},
	bdsk-url-2 = {https://doi.org/10.1016/j.red.2009.10.010}}

@article{TW_stable_dist,
	abstract = {This paper studies the mechanisms underlying the apparent stability of the income distribution in Taiwan. An original decomposition method based on micro-simulation techniques is proposed. Applied to the distribution of income in Taiwan since 1979, it permits isolating the respective impact of changes in: (a) the earning structure; (b) labor-force participation behavior; and (c) the socio-demographic structure of the population. The stability of the distribution in Taiwan appears as the result of various structural forces which happened to offset each other. The small drop observed in the inequality of individual earnings resulted from the combination of unequalizing changes in the wage structure and the effects of changes in female labor-force participation as well as in the educational structure of the population. However, the same offsetting forces, together with changes in the composition of households, resulted in a small increase in the inequality of the distribution of equivalized household income.},
	author = {Bourguignon, F. and Fournier, M. and Gurgand, M.},
	date-added = {2025-06-13 15:28:12 +0800},
	date-modified = {2025-06-13 16:33:29 +0800},
	doi = {https://doi.org/10.1111/1475-4991.00009},
	eprint = {https://onlinelibrary.wiley.com/doi/pdf/10.1111/1475-4991.00009},
	journal = {Review of Income and Wealth},
	keywords = {Income inequality, Income distrubution, Taiwan},
	number = {2},
	pages = {139-163},
	title = {Fast Development With a Stable Income Distribution: Taiwan, 1979--94},
	volume = {47},
	year = {2001},
	bdsk-file-1 = {YnBsaXN0MDDSAQIDBFxyZWxhdGl2ZVBhdGhYYm9va21hcmtfEIFwYXBlcnMvUmV2aWV3IG9mIEluY29tZSBhbmQgV2VhbHRoIC0gMjAwMyAtIEJvdXJndWlnbm9uIC0gRmFzdCBEZXZlbG9wbWVudCBXaXRoIGEgU3RhYmxlIEluY29tZSBEaXN0cmlidXRpb24gIFRhaXdhbiAgMTk3OSA5NC5wZGZPEQToYm9va+gEAAAAAAQQMAAAAAAAAAAAAAAAAAAAAAAAAAAAAAAAAAAAAAAAAAAAAAAA5AMAAAUAAAABAQAAVXNlcnMAAAAKAAAAAQEAAGJyaWFuaHVhbmcAAAQAAAABAQAAQ29kZRYAAAABAQAAQ29uc3VtcHRpb25fSW5lcXVhbGl0eQAABgAAAAEBAABwYXBlcnMAAHoAAAABAQAAUmV2aWV3IG9mIEluY29tZSBhbmQgV2VhbHRoIC0gMjAwMyAtIEJvdXJndWlnbm9uIC0gRmFzdCBEZXZlbG9wbWVudCBXaXRoIGEgU3RhYmxlIEluY29tZSBEaXN0cmlidXRpb24gIFRhaXdhbiAgMTk3OSA5NC5wZGYAABgAAAABBgAABAAAABQAAAAoAAAANAAAAFQAAABkAAAACAAAAAQDAAAVXQAAAAAAAAgAAAAEAwAAXOgDAAAAAAAIAAAABAMAAGPmJwAAAAAACAAAAAQDAAC/td0DAAAAAAgAAAAEAwAAdrjdAwAAAAAIAAAABAMAAJpC3wMAAAAAGAAAAAEGAAAIAQAAGAEAACgBAAA4AQAASAEAAFgBAAAIAAAAAAQAAEHG/d3pZSxyGAAAAAECAAABAAAAAAAAAA8AAAAAAAAAAAAAAAAAAAAIAAAABAMAAAQAAAAAAAAABAAAAAMDAAD1AQAACAAAAAEJAABmaWxlOi8vLwwAAAABAQAATWFjaW50b3NoIEhECAAAAAQDAAAAUKEbcwAAAAgAAAAABAAAQcbjmoUAAAAkAAAAAQEAAEJENDE1NDcxLTJFMjEtNEFBQy05OURDLTYyOEY2MDA4MUU1NxgAAAABAgAAgQAAAAEAAADvEwAAAQAAAAAAAAAAAAAAAQAAAAEBAAAvAAAAAAAAAAEFAABhAQAAAQIAADhkMzg0YmIwNzU2ZDUxZTkzMzY4YjA1M2M2ZmIyZDUwZGU2Y2M1ZWU3MjM4MTg3NjdiOGRlMjg2MGFhMDVkMDA7MDA7MDAwMDAwMDA7MDAwMDAwMDA7MDAwMDAwMDA7MDAwMDAwMDAwMDAwMDAyMDtjb20uYXBwbGUuYXBwLXNhbmRib3gucmVhZC13cml0ZTswMTswMTAwMDAwZTswMDAwMDAwMDAzZGY0MjlhOzAxOy91c2Vycy9icmlhbmh1YW5nL2NvZGUvY29uc3VtcHRpb25faW5lcXVhbGl0eS9wYXBlcnMvcmV2aWV3IG9mIGluY29tZSBhbmQgd2VhbHRoIC0gMjAwMyAtIGJvdXJndWlnbm9uIC0gZmFzdCBkZXZlbG9wbWVudCB3aXRoIGEgc3RhYmxlIGluY29tZSBkaXN0cmlidXRpb24gIHRhaXdhbiAgMTk3OSA5NC5wZGYAAAAAzAAAAP7///8BAAAAAAAAABAAAAAEEAAA6AAAAAAAAAAFEAAAaAEAAAAAAAAQEAAAmAEAAAAAAABAEAAAiAEAAAAAAAACIAAAZAIAAAAAAAAFIAAA1AEAAAAAAAAQIAAA5AEAAAAAAAARIAAAGAIAAAAAAAASIAAA+AEAAAAAAAATIAAACAIAAAAAAAAgIAAARAIAAAAAAAAwIAAAcAIAAAAAAAABwAAAuAEAAAAAAAARwAAAFAAAAAAAAAASwAAAyAEAAAAAAACA8AAAeAIAAAAAAAAACAANABoAIwCnAAAAAAAAAgEAAAAAAAAABQAAAAAAAAAAAAAAAAAABZM=},
	bdsk-url-1 = {https://onlinelibrary.wiley.com/doi/abs/10.1111/1475-4991.00009},
	bdsk-url-2 = {https://doi.org/10.1111/1475-4991.00009}}

@article{JEP_Consumption_Inequality,
	author = {Orazio P. Attanasio and Luigi Pistaferri},
	date-added = {2025-06-13 15:24:01 +0800},
	date-modified = {2025-06-13 16:33:39 +0800},
	doi = {10.1257/jep.30.2.3},
	issn = {08953309},
	journal = {The Journal of Economic Perspectives},
	keywords = {Consumption inequality; Gini coefficient},
	number = {2},
	pages = {3-28},
	publisher = {American Economic Association},
	title = {Consumption Inequality},
	urldate = {2025-06-13},
	volume = {30},
	year = {2016},
	bdsk-file-1 = {YnBsaXN0MDDSAQIDBFxyZWxhdGl2ZVBhdGhYYm9va21hcmtecGFwZXJzL0pFUC5wZGZPEQQAYm9vawAEAAAAAAQQMAAAAAAAAAAAAAAAAAAAAAAAAAAAAAAAAAAAAAAAAAAAAAAA/AIAAAUAAAABAQAAVXNlcnMAAAAKAAAAAQEAAGJyaWFuaHVhbmcAAAQAAAABAQAAQ29kZRYAAAABAQAAQ29uc3VtcHRpb25fSW5lcXVhbGl0eQAABgAAAAEBAABwYXBlcnMAAAcAAAABAQAASkVQLnBkZgAYAAAAAQYAAAQAAAAUAAAAKAAAADQAAABUAAAAZAAAAAgAAAAEAwAAFV0AAAAAAAAIAAAABAMAAFzoAwAAAAAACAAAAAQDAABj5icAAAAAAAgAAAAEAwAAv7XdAwAAAAAIAAAABAMAAHa43QMAAAAACAAAAAQDAAB3uN0DAAAAABgAAAABBgAAlAAAAKQAAAC0AAAAxAAAANQAAADkAAAACAAAAAAEAABBxv13LkUVOhgAAAABAgAAAQAAAAAAAAAPAAAAAAAAAAAAAAAAAAAACAAAAAQDAAAEAAAAAAAAAAQAAAADAwAA9QEAAAgAAAABCQAAZmlsZTovLy8MAAAAAQEAAE1hY2ludG9zaCBIRAgAAAAEAwAAAFChG3MAAAAIAAAAAAQAAEHG45qFAAAAJAAAAAEBAABCRDQxNTQ3MS0yRTIxLTRBQUMtOTlEQy02MjhGNjAwODFFNTcYAAAAAQIAAIEAAAABAAAA7xMAAAEAAAAAAAAAAAAAAAEAAAABAQAALwAAAAAAAAABBQAA7gAAAAECAAA0ZDEzZjM5YjMwZGQyNDYxZGQ4ZTJhNDlhMmJkZDJkODY2ODYwZmNmNjc5NjhjNmQzNzE1YWRhM2Q1YzdiMTc3OzAwOzAwMDAwMDAwOzAwMDAwMDAwOzAwMDAwMDAwOzAwMDAwMDAwMDAwMDAwMjA7Y29tLmFwcGxlLmFwcC1zYW5kYm94LnJlYWQtd3JpdGU7MDE7MDEwMDAwMGU7MDAwMDAwMDAwM2RkYjg3NzswMTsvdXNlcnMvYnJpYW5odWFuZy9jb2RlL2NvbnN1bXB0aW9uX2luZXF1YWxpdHkvcGFwZXJzL2plcC5wZGYAAADMAAAA/v///wEAAAAAAAAAEAAAAAQQAAB0AAAAAAAAAAUQAAD0AAAAAAAAABAQAAAkAQAAAAAAAEAQAAAUAQAAAAAAAAIgAADwAQAAAAAAAAUgAABgAQAAAAAAABAgAABwAQAAAAAAABEgAACkAQAAAAAAABIgAACEAQAAAAAAABMgAACUAQAAAAAAACAgAADQAQAAAAAAADAgAAD8AQAAAAAAAAHAAABEAQAAAAAAABHAAAAUAAAAAAAAABLAAABUAQAAAAAAAIDwAAAEAgAAAAAAAAAIAA0AGgAjADIAAAAAAAACAQAAAAAAAAAFAAAAAAAAAAAAAAAAAAAENg==},
	bdsk-url-1 = {http://www.jstor.org/stable/43783705}}
